<record><leader>00000cas a22000007a 4500</leader><controlfield tag="001">13431153</controlfield><controlfield tag="008">860414d19061908nvuwr ne      0    0eng d</controlfield><datafield ind1=" " ind2=" " tag="010"><subfield code="a">sn 86091305 </subfield></datafield><datafield ind1=" " ind2=" " tag="040"><subfield code="a">UNP</subfield><subfield code="b">eng</subfield><subfield code="c">UNP</subfield><subfield code="d">NNX</subfield><subfield code="d">OCLCQ</subfield></datafield><datafield ind1=" " ind2=" " tag="042"><subfield code="a">msc</subfield></datafield><datafield ind1="0" ind2=" " tag="130"><subfield code="a">Fairview news (Fairview, Nev.)</subfield></datafield><datafield ind1="1" ind2="4" tag="245"><subfield code="a">The Fairview news.</subfield></datafield><datafield ind1=" " ind2=" " tag="260"><subfield code="a">Fairview, Nev. :</subfield><subfield code="b">Emerson Pub. Co.,</subfield><subfield code="c">1906-1908.</subfield></datafield><datafield ind1=" " ind2=" " tag="300"><subfield code="a">2 v. :</subfield><subfield code="b">ill. (chiefly ads.)</subfield></datafield><datafield ind1=" " ind2=" " tag="310"><subfield code="a">Weekly</subfield></datafield><datafield ind1="0" ind2=" " tag="362"><subfield code="a">Vol. 1, no. 1 (Mar. 3, 1906)-v. 2, no. 49 (Feb. 15, 1908).</subfield></datafield><datafield ind1="8" ind2=" " tag="521"><subfield code="a">Mining.</subfield></datafield><datafield ind1=" " ind2=" " tag="525"><subfield code="a">Supplements accompany some issues.</subfield></datafield><datafield ind1=" " ind2=" " tag="752"><subfield code="a">United States</subfield><subfield code="b">Nevada</subfield><subfield code="c">Churchill</subfield><subfield code="d">Fairview.</subfield></datafield></record>